<?xml version="1.0" encoding="UTF-8"?><collection xmlns="http://www.loc.gov/MARC21/slim"><record><leader>00336nam--2200121-i-4500</leader><controlfield tag="001">000039134</controlfield><controlfield tag="002">20161230</controlfield><controlfield tag="005">20161230201042</controlfield><controlfield tag="008">060222s1000------------r-----000-0-eng-d</controlfield><datafield ind1=" " ind2=" " tag="100"><subfield code="a">Rijtema,P.E. And Wassink,H</subfield></datafield><datafield ind1=" " ind2=" " tag="245"><subfield code="a">Water in the unsaturated zone</subfield></datafield><datafield ind1=" " ind2=" " tag="260"><subfield code="a">Paris, Int.Association Of Scientific Hydrology, 1969. 525 P</subfield></datafield><datafield ind1=" " ind2=" " tag="852"><subfield code="a">28477</subfield></datafield></record></collection>